@article{alvesfoss99,
author = {Alves-Foss, Jim},
year = {1999},
month = {01},
pages = {},
title = {Formal Syntax and Semantics of Java},
volume = {1523},
journal = {Lecture Notes in Computer Science}
}